@article{winmerg,
    author  = "Thingamahoochie Software",
    title   = "WinMerge 2.14 Help",
    year    = "2004",
}
@article{tort,
    author  = "Stefan Küng Lübbe Onken Simon Large",
    title   = "TortoiseMerge",
    year    = "2018",
}
@article{kdiff3,
    author  = "Joachim Eibl ",
    title   = "The KDiff3 Handbook",
    year    = "2002",
}